@article{Pdg2010,
  author = {Nakamura, K. and others},
  title = {Review of particle physics},
  collaboration = {Particle Data Group},
  journal = {J.Phys.G},
  volume = {37},
  pages = {075021},
  doi = {10.1088/0954-3899/37/7A/075021},
  year = {2010}
}


@article{Suzuki1987muonCapture,
  doi = {10.1103/PhysRevC.35.2212},
  month = {Jun},
  issue = {6},
  author = {Suzuki, T. and Measday, D. F. and Roalsvig, J. P.},
  year = {1987},
  publisher = {American Physical Society},
  title = {Total nuclear capture rates for negative muons},
  pages = {2212--2224},
  journal = {Phys. Rev. C},
  volume = {35}
}
